@misc{docker,
  title = {Docker},
  howpublished = {\url{https://www.docker.com/}}
}

@misc{nodejs,
  title = {Node.js},
  howpublished = {\url{https://nodejs.org/en/}}
}

@misc{npm,
  title = {NPM},
  howpublished = {\url{https://www.npmjs.com/}}
}

@misc{mongodb,
  title = {MongoDB},
  howpublished = {\url{https://www.mongodb.com/}}
}

@misc{express,
  title = {Express.js},
  howpublished = {\url{https://expressjs.com/}}
}

@misc{swagger,
  title = {Swagger},
  howpublished = {\url{https://swagger.io/}}
}

@misc{angular,
  title = {Angular},
  howpublished = {\url{https://angular.io/}}
}

@misc{typescript,
  title = {TypeScript},
  howpublished = {\url{https://www.typescriptlang.org/}}
}

@misc{github,
  title = {GitHub},
  howpublished = {\url{https://github.com/}}
}

@misc{renovate,
  title = {Renovate},
  howpublished = {\url{https://docs.renovatebot.com/}}
}

@misc{semanticRelease,
  title = {Semantic Release},
  howpublished = {\url{https://semantic-release.gitbook.io/semantic-release/}}
}

@misc{mongoose,
  title = {Mongoose},
  howpublished = {\url{https://mongoosejs.com/}}
}

@misc{socketio,
  title = {Socket.IO},
  howpublished = {\url{https://socket.io/}}
}

@misc{jwt,
  title = {JWT},
  howpublished = {\url{https://jwt.io/}}
}
